<?xml version="1.0" encoding="UTF-8"?><collection xmlns="http://www.loc.gov/MARC21/slim"><record><leader>00411nam--2200169-i-4500</leader><controlfield tag="001">000045957</controlfield><controlfield tag="002">20161230</controlfield><controlfield tag="005">20170107011615</controlfield><controlfield tag="008">060222s1000------------r-----000-0-eng-d</controlfield><datafield ind1=" " ind2=" " tag="040"><subfield code="a">IFIN-HH</subfield></datafield><datafield ind1=" " ind2=" " tag="080"><subfield code="a">539.188</subfield></datafield><datafield ind1="1" ind2=" " tag="100"><subfield code="a">V©Łlyi, L</subfield></datafield><datafield ind1="1" ind2="0" tag="245"><subfield code="a">Atom and ion sources</subfield><subfield code="c">L. V©Łlyi</subfield></datafield><datafield ind1=" " ind2=" " tag="260"><subfield code="a">Budapest</subfield><subfield code="b">Akad©♭miai Kiad©đ</subfield><subfield code="c">1977</subfield></datafield><datafield ind1=" " ind2=" " tag="300"><subfield code="a">429 p</subfield></datafield><datafield ind1=" " ind2=" " tag="852"><subfield code="a">47221</subfield><subfield code="c">539.18</subfield></datafield><datafield ind1=" " ind2=" " tag="CAT"><subfield code="a">SYS</subfield><subfield code="c">20170107</subfield><subfield code="h">011615</subfield></datafield></record></collection>